@book{moretin2006,
	author={Moretin, P.A and Toloi, C.M},
	title={Análise de séries temporais.},
	publisher={Edgar Blucher},
	year={2006},
	edition={1º}
}

@book{monard2003,
	author={Monard, M. and Baranauskas, J. },
	title ={Conceitos sobre aprendizado de máquinas. Em Sistemas Inteligentes: Fundamentos e Aplicações},
	publisher={Editora Manole},
	year={2003},
	edition={1º}
}


@book{chappelle2006,
	author={Chapelle, O. and Schölkopf, B. and Zien, A.},
	title ={Semi-Supervised Learning.},
	publisher={MIT Press, Cambridge},
	year={2006},
	edition={1º},
	pages={12 -- 13}
}

@book{haykin2009,
	author={Haykin, S. S.},
	title={Neural networks and learning machines},
	publisher={Prentice Hall},
	edition={3º},
	address={Upper Saddle River, United States of America}	
}

@article{hart1967,
	author={Cover, T. and Hart, P},
	journal = {Information Theory, IEEE Transaction on},
	title = { Nearest neighbor pattern classification.},
	year = {1967}
	
}

@article{zhang1998,
	author={Zhang, G and Patuwo, B. E. and Hu, M. Y. },
	journal={International Journal of Forecasting},
	title={Forecasting with artificial neural networks: The state of art},
	year = {1998}	
}

@article{ferneda2006,
	author = {Edberto Ferneda},
	title = {Redes neurais e sua aplicação em sistemas de recuperação de informação},
	journal = {Ciência da Informação},
	volume = {35},
	number = {1},
	year = {2006},
	issn = {1518-8353},	url = {http://revista.ibict.br/ciinf/article/view/1149}
}


@article{McCulloch1943,
	author={McCulloch, Warren S.
	and Pitts, Walter},
	title={A logical calculus of the ideas immanent in nervous activity},
	journal={The bulletin of mathematical biophysics},
	year={1943},
	issn={1522-9602},
	doi={10.1007/BF02478259},
	url={https://doi.org/10.1007/BF02478259}
}

@article{lippman1987, 
	author={R. Lippmann}, 
	journal={IEEE ASSP Magazine}, 
	title={An introduction to computing with neural nets}, 
	year={1987}, 
	volume={4}, 
	number={2}
}

@article{coelho2015,
	author   = {Coelho, M},
	journal  = {Dissertação (Mestrado), Universidade Federal do Amazonas},
	title    = {{Estrategia de adaptação de fluxo de vídeo baseada em fatores de QoE}},
	address	 = {Manaus},
	year     = {2015}
}

@book{benson2006,
	title={Music: A Mathematical Offering},
	author={Benson, D.},
	publisher={Cambridge University Press},
	year={2006},
	address={UK: Cambridge},
	edition={1ª},
	pages={8 -- 12}
}
@article{hinton1986,
	author = {Rumelhart, David E. and Hinton, Geoffrey E. and Williams, Ronald J.},
	journal = {Nature},
	keywords = {deep-learning nature neural-networks paper},
	month = oct,
	pages = {533--},
	publisher = {Nature Publishing Group},
	title = {Learning representations by back-propagating errors},
	url = {http://dx.doi.org/10.1038/323533a0},
	volume = 323,
	year = 1986
}

@book{Goodfellow2016,
	title={Deep Learning},
	author={Ian Goodfellow and Yoshua Bengio and Aaron Courville},
	publisher={MIT Press},
	note={\url{http://www.deeplearningbook.org}},
	year={2016}
}


@book{klapuri2006,
	title={{Signal Processing Methods for Music Transcription}},
	author={Anssi Klapuri and Manuel Davy},
	publisher={Springer Science},
	year={2006},
	address={US: New York},
	edition={1ª},
}

@article{hartmann1996,
	title={Pitch, periodicity, and auditory organization},
	author={Hartmann, W.M.},
	journal = {{Journal of the Acoustical Society of America}},
	year={1996},
	number={100(6)},
	edition={1ª},
	pages={3491 -- 3502}
}

@article{gerhard2003,
	title={{Pitch Extraction and Fundamental Frequency: History and Current Techniques}},
	author={David Gerhard},
	journal = {{Technical Report TR-CS}},
	year={2003},
	number={2003-6},
	edition={1ª},
}

@article{mathworks2018,
	author   = {MATHWORKS},
	title    = {{Documentation: fft - Fast Fourier Transform}},
	url		 = {https://www.mathworks.com/help/matlab/ref/fft.html},
	urlaccessdate={11 jul. 2018},
	year     = {2018}
}

@article{mathworks2018spectrogram,
	author   = {MATHWORKS},
	title    = {{Documentation: spectrogram - Spectrogram using Short-Time Fourier Transform}},
	url		 = {https://www.mathworks.com/help/signal/ref/spectrogram.html},
	urlaccessdate={11 jul. 2018},
	year     = {2018}
}

@article{mathworks2018audioread,
	author   = {MATHWORKS},
	title    = {{Documentation: audioread - Read audio file}},
	url		 = {https://www.mathworks.com/help/matlab/ref/audioread.html},
	urlaccessdate={13 jul. 2018},
	year     = {2018}
}

@article{vass2004,
	author   = {Jiří Vass},
	journal  = {Master of Science Thesis, Czech Technical University in Prague},
	title    = {{Automatic Transcription of Audio Signals}},
	address	 = {Prague},
	year     = {2004}
}

@article{amado2008,
	author   = {Rafael George Amado and Jozue Vieira Filho},
	journal  = {Sao Paulo State University},
	title    = {{Pitch Detection Algorithms Based on Zero-Cross Rate and Autocorrelation Function for Musical Notes}},
	address	 = {São Paulo},
	year     = {2008}
}

@article{aoqui2014,
	author   = {Caio Jin Aoqui and Almir Olivette Artero and Marco Antonio Piteri and Danilo Medeiros Eler},
	journal  = {X Workshop de Visão Computacional - Universidade Estadual de São Paulo},
	title    = {{Methods to Musical Notes Recognition from Sheet Music: Preliminary Results}},
	address	 = {São Paulo},
	year     = {2014}
}

@article{audacity2018,
	author   = {AUDACITY},
	title    = {{Audacity: Free, open source, cross-platform audio software}},
	url		 = {https://www.audacityteam.org},
	urlaccessdate={21 jul. 2018},
	year     = {2018}
}

@article{mathworks2018guide,
	author   = {MATHWORKS},
	title    = {{Documentation: guide - Open GUIDE}},
	url		 = {https://www.mathworks.com/help/matlab/ref/guide.html},
	urlaccessdate={21 jul. 2018},
	year     = {2018}
}

@book{lathi2007,
	title={{Sinais e Sistemas Lineares}},
	author={LATHI, B.P.},
	publisher={Bookman},
	year={2007},
	address={Porto Alegre},
	edition={2ª},
}

@book{open1999,
	title={{Discrete-Time Signal Processing}},
	author={Alan V. Oppennheim and Ronald W. Schafer and John R. Buck},
	publisher={Prentice Hall},
	year={1999},
	address={New Jersey},
	edition={2ª},
}

@article{cruzjr2018,
	author   = {{CRUZ JR, A. C. V.}},
	title    = {{F0Detection - Bitbucket Repository}},
	url		 = {https://bitbucket.org/juninhocruz/f0detection},
	urlaccessdate={21 jul. 2018},
	year     = {2018}
}

